@article{RN6098,
   author = {Lai, Jiangshan and Lortie, Christopher J. and Muenchen, Robert A. and Yang, Jian and Ma, Keping},
   title = {Evaluating the popularity of R in ecology},
   journal = {Ecosphere},
   volume = {10},
   number = {1},
   pages = {e02567},
   ISSN = {2150-8925},
   DOI = {10.1002/ecs2.2567},
   url = {https://doi.org/10.1002/ecs2.2567},
   year = {2019},
   type = {Journal Article}
}

@book{RN6087,
   author = {Hector, A.},
   title = {The New Statistics with R},
   publisher = {Oxford University Press},
   address = {Oxford},
   ISBN = {978-0198729051},
   year = {2017},
   type = {Book}
} 

@article{RN6148,
   author = {Lortie, Christopher J.},
   title = {Ten simple rules for writing statistical book reviews},
   journal = {PLOS Computational Biology},
   volume = {15},
   number = {1},
   pages = {e1006562},
   DOI = {10.1371/journal.pcbi.1006562},
   url = {https://doi.org/10.1371/journal.pcbi.1006562},
   year = {2019},
   type = {Journal Article}
}  

@article{RN4416,
   author = {Wickham, H.},
   title = {Tidy Data},
   journal = {Journal of Statistical Software},
   volume = {59},
   pages = {1-23},
   year = {2014},
   type = {Journal Article}
}

@book{RN4414,
   author = {Knuth, D.E.},
   title = {Literate Programming},
   publisher = {University of Chicago Press},
   address = {Illinois},
   year = {1992},
   type = {Book}
}

@article{RN6081,
   author = {Facionie, P.},
   title = {Critical thinking: what it is and why it counts},
   journal = {Insight Assessment},
   volume = {California Academic Press},
   year = {2017},
   type = {Journal Article}
}









